@proceedings{sigkdd2015,
    title = "21th ACM SIGKDD International Conference",
    year = 2015
}

@inproceedings{egads2015,
    author = "Laptev, N. and Amizadeh, S. and Flint, I.",
    title = "Generic and Scalable Framework for Automated Time-series Anomaly Detection",
    crossref = "sigkdd2015",
    doi = {10.1145/2783258.2788611}
}

@article{MMAD2006,
    author = "Basu, S. and Meckesheimer, M.",
    title = "Automatic outlier detection for time series: an application to sensor data",
    journal = "Knowledge and Information Systems",
    year = 2006,
    doi = {10.1007/s10115-006-0026-6}
}

@article{outlierSurvey2014,
    author = "Gupta, M. and Gao, J. and Aggarwal, C. C. and Han, J.",
    title = "Outlier Detection for Temportal Data: A Survey",
    journal = "IEEE Transactions on Knowledge and Data Engineering",
    year = 2014,
    doi = {10.1109/TKDE.2013.184}
}

@proceedings{ieee1994,
    title = "IEEE World Congress on Computational Intelligence",
    year = 1994
}

@inproceedings{nnfd1994,
    author = "Silvestri, G. and Verona, F. B. and Innocenti, M. and Napolitano, M.",
    title = "Fault Detection Using Neural Networks",
    crossref = "ieee1994",
    doi = {10.1109/ICNN.1994.374815} 
}

@article {ghad2018,
    author = "Lee, T. J. and Gottschlich, J. and Tatbul, N. and Metcalf, E. and Zdonik, S",
    title = "Greenhouse: A Zero-Positive Machine Learning System for Time-Series Anomaly Detection",
    journal = "CoRR",
    year = 2018,
    volume = {abs/1801.03168}
}

@article{tpad2018,
    title = "A taxonomy and platform for anomaly detection",
    author = "Sebestyen, G. and Hangan, A. and Czako, Z. and  Kov{\'a}cs, G.",
    journal = "2018 IEEE International Conference on Automation, Quality and Testing, Robotics (AQTR)",
    year = 2018,
    pages = "1-6",
    doi = {10.1109/AQTR.2018.8402710}
}

@proceedings{ICML2016,
    title = "International Conference on Machine Learning",
    year = 2016

}

@inproceedings{ADDSCIL,
    author = "Maurya, C. K. and Toshniwal, D. and Agarwal, V.",
    title = "Anomaly Detection via Distributed Sparse Class-Imbalance Learning",
    crossref = "ICML2016"
}

@proceedings{ICIS1996,
    title = "International Conference on Intelligent Systems",
    year = 1996
}

@inproceedings{NDTSDII1996,
    author = "Dasgupta, D. and Forrest, S.",
    title = "Novelty Detection in Time Series Data using Ideas from Immunology",
    crossref = "ICIS1996"
}
